@misc{director,
  author = "Pat Marion",
  title = "Director: A robotics interface and visualization framework",
  year = 2015,
  url = "http://github.com/RobotLocomotion/director"
}

@article{Meier:2012:PMA:2340098.2340114,
 author = {Meier, Lorenz and Tanskanen, Petri and Heng, Lionel and Lee, Gim Hee and Fraundorfer, Friedrich and Pollefeys, Marc},
 title = {PIXHAWK: A Micro Aerial Vehicle Design for Autonomous Flight Using Onboard Computer Vision},
 journal = {Auton. Robots},
 issue_date = {August    2012},
 volume = {33},
 number = {1-2},
 month = aug,
 year = {2012},
 issn = {0929-5593},
 pages = {21--39},
 numpages = {19},
 url = {http://dx.doi.org/10.1007/s10514-012-9281-4},
 doi = {10.1007/s10514-012-9281-4},
 acmid = {2340114},
 publisher = {Kluwer Academic Publishers},
 address = {Hingham, MA, USA},
 keywords = {Computer vision, Micro aerial vehicles, Quadrotor, Stereo vision},
} 


@article{Hornung:2013:OEP:2458738.2458796,
 author = {Hornung, Armin and Wurm, Kai M. and Bennewitz, Maren and Stachniss, Cyrill and Burgard, Wolfram},
 title = {OctoMap: An Efficient Probabilistic 3D Mapping Framework Based on Octrees},
 journal = {Auton. Robots},
 issue_date = {April     2013},
 volume = {34},
 number = {3},
 month = apr,
 year = {2013},
 issn = {0929-5593},
 pages = {189--206},
 numpages = {18},
 url = {http://dx.doi.org/10.1007/s10514-012-9321-0},
 doi = {10.1007/s10514-012-9321-0},
 acmid = {2458796},
 publisher = {Kluwer Academic Publishers},
 address = {Hingham, MA, USA},
 keywords = {3D, Mapping, Navigation, Probabilistic},
} 

@conference {288,
    title = {ROS: an open-source Robot Operating System},
    booktitle = {ICRA Workshop on Open Source Software},
    year = {2009},
    attachments = {http://www.willowgarage.com/sites/default/files/icraoss09-ROS.pdf},
    author = {Morgan Quigley and Ken Conley and Brian P. Gerkey and Josh Faust and Tully Foote and Jeremy Leibs and Rob Wheeler and Andrew Y. Ng}
}

@book{surhone2011speedtree,
  title={Speedtree},
  author={Surhone, L.M. and Tennoe, M.T. and Henssonow, S.F.},
  isbn={9786137520772},
  url={https://books.google.com/books?id=ll08ygAACAAJ},
  year={2011},
  publisher={Betascript Publishing}
}

@article{flann_pami_2014,
  title={Scalable Nearest Neighbor Algorithms for High Dimensional Data},
  author={Marius Muja and David G. Lowe},
  journal={Pattern Analysis and Machine Intelligence, IEEE Transactions on},
  volume={36},
  year={2014},
  publisher={IEEE}
}

@misc{drake,
 author = "Russ Tedrake",
 title = "Drake: A planning, control, and analysis toolbox for nonlinear dynamical systems",
 year = 2014,
 url = "http://drake.mit.edu"
}

@article{DBLP:journals/corr/MajumdarT16,
  author    = {Anirudha Majumdar and
               Russ Tedrake},
  title     = {Funnel Libraries for Real-Time Robust Feedback Motion Planning},
  journal   = {CoRR},
  volume    = {abs/1601.04037},
  year      = {2016},
  url       = {http://arxiv.org/abs/1601.04037},
  timestamp = {Mon, 01 Feb 2016 15:36:05 +0100},
  biburl    = {http://dblp.uni-trier.de/rec/bib/journals/corr/MajumdarT16},
  bibsource = {dblp computer science bibliography, http://dblp.org}
}

@incollection{majumdar2013robust,
  title={Robust online motion planning with regions of finite time invariance},
  author={Majumdar, Anirudha and Tedrake, Russ},
  booktitle={Algorithmic Foundations of Robotics X},
  pages={543--558},
  year={2013},
  publisher={Springer}
}

@article{tedrake2010lqr,
  title={LQR-trees: Feedback motion planning via sums-of-squares verification},
  author={Tedrake, Russ and Manchester, Ian R and Tobenkin, Mark and Roberts, John W},
  journal={The International Journal of Robotics Research},
  year={2010},
  publisher={SAGE Publications}
}

@inproceedings{barry2015pushbroom,
  title={Pushbroom stereo for high-speed navigation in cluttered environments},
  author={Barry, Andrew J and Tedrake, Russ},
  booktitle={2015 IEEE International Conference on Robotics and Automation (ICRA)},
  pages={3046--3052},
  year={2015},
  organization={IEEE}
}

@inproceedings{barry2016,
  title={High-Speed Autonomous Obstacle Avoidance with Pushbroom Stereo},
  author={Barry, Andrew J},
  year={2016},
  organization={PhD Thesis, MIT}
}

@inproceedings{huang2010,
    TITLE      = {{LCM}: Lightweight Communications and Marshalling},
    AUTHOR     = { Albert Huang and Edwin Olson and David Moore},
    BOOKTITLE  = {Proceedings of the {IEEE/RSJ} International Conference on Intelligent
                 Robots and Systems {(IROS)}},
    YEAR       = {2010},
    MONTH      = {October},
    VOLUME     = {},
    NUMBER     = {},
    PAGES      = { },
    KEYWORDS   = { Interprocess communication, message passing, robot middleware},
    ISSN       = { },
}

@article{Mellinger:2012:TGC:2190635.2190636,
 author = {Mellinger, Daniel and Michael, Nathan and Kumar, Vijay},
 title = {Trajectory Generation and Control for Precise Aggressive Maneuvers with Quadrotors},
 journal = {Int. J. Rob. Res.},
 issue_date = {April     2012},
 volume = {31},
 number = {5},
 month = apr,
 year = {2012},
 issn = {0278-3649},
 pages = {664--674},
 numpages = {11},
 url = {http://dx.doi.org/10.1177/0278364911434236},
 doi = {10.1177/0278364911434236},
 acmid = {2190636},
 publisher = {Sage Publications, Inc.},
 address = {Thousand Oaks, CA, USA},
 keywords = {Trajectory generation, control, quadrotors},
} 

@InProceedings{richter_isrr15,
    author     = {Charles Richter and William Vega-Brown and Nicholas Roy},
    title    = {Bayesian Learning for Safe High-Speed Navigation in Unknown Environments},
    booktitle = {Proceedings of the International Symposium on Robotics Research (ISRR 2015)},
    year    = {2015},
    address = {Sestri Levante, Italy}
}


@article{ hadsell-jfr-09,
 original = "orig/hadsell-jfr-09.pdf",
 author = "Hadsell, Raia and Sermanet, Pierre and Scoffier, Marco and Erkan, Ayse and Kavackuoglu, Koray and Muller, Urs and LeCun, Yann",
 title = "Learning Long-Range Vision for Autonomous Off-Road Driving",
 journal = "Journal of Field Robotics",
 volume = "26",
 number = "2",
 month = "February",
 pages = "120-144",
 year = "2009",
 note = "<a href='http://youtu.be/GLgX8ku5TOQ'>Video</a>"
}
